<mx:record xmlns="http://www.w3.org/TR/xhtml1/strict" xmlns:mx="http://www.loc.gov/MARC21/slim" xmlns:xsi="http://www.w3.org/2001/XMLSchema-instance"><mx:leader>00000cz   2200000n  4500</mx:leader><mx:controlfield tag="001">oca06077941 </mx:controlfield><mx:controlfield tag="003">OCoLC</mx:controlfield><mx:controlfield tag="005">20051014052343.0</mx:controlfield><mx:controlfield tag="008">030616n| acannaabn          |a ana      </mx:controlfield><mx:datafield ind1=" " ind2=" " tag="010"><mx:subfield code="a">n 2003040998</mx:subfield></mx:datafield><mx:datafield ind1=" " ind2=" " tag="035"><mx:subfield code="a">(OCoLC)oca06077941</mx:subfield></mx:datafield><mx:datafield ind1=" " ind2=" " tag="040"><mx:subfield code="a">DLC</mx:subfield><mx:subfield code="b">eng</mx:subfield><mx:subfield code="c">DLC</mx:subfield><mx:subfield code="d">InU</mx:subfield></mx:datafield><mx:datafield ind1=" " ind2="0" tag="130"><mx:subfield code="a">Carmina duodecim sapientum</mx:subfield></mx:datafield><mx:datafield ind1=" " ind2="0" tag="430"><mx:subfield code="a">Carmina XII sapientum</mx:subfield></mx:datafield><mx:datafield ind1=" " ind2="0" tag="430"><mx:subfield code="a">Versus XII sapientum</mx:subfield></mx:datafield><mx:datafield ind1=" " ind2="0" tag="430"><mx:subfield code="a">Versus duodecim sapientum</mx:subfield></mx:datafield><mx:datafield ind1=" " ind2="0" tag="430"><mx:subfield code="a">Hexastica duodecim sapientum</mx:subfield></mx:datafield><mx:datafield ind1=" " ind2="0" tag="430"><mx:subfield code="a">Hexastica XII sapientum</mx:subfield></mx:datafield><mx:datafield ind1=" " ind2="0" tag="430"><mx:subfield code="a">Hexasticha XII sapientum</mx:subfield></mx:datafield><mx:datafield ind1=" " ind2="0" tag="430"><mx:subfield code="a">Hexasticha duodecim sapientum</mx:subfield></mx:datafield><mx:datafield ind1=" " ind2="0" tag="430"><mx:subfield code="a">Symposium XII sapientum</mx:subfield></mx:datafield><mx:datafield ind1=" " ind2="0" tag="430"><mx:subfield code="a">Symposium duodecim sapientum</mx:subfield></mx:datafield><mx:datafield ind1=" " ind2=" " tag="670"><mx:subfield code="a">Friedrich, Anne. Das Symposium der XII sapientes, 2002:</mx:subfield><mx:subfield code="b">p. 3. (Carmina XII sapientum, twelve Latin poems in twelve cycles)</mx:subfield></mx:datafield><mx:datafield ind1=" " ind2=" " tag="670"><mx:subfield code="a">Cicero, M.T. De officiis, 1466:</mx:subfield><mx:subfield code="b">p. 171 (Versus XII sapientum)</mx:subfield></mx:datafield><mx:datafield ind1=" " ind2=" " tag="670"><mx:subfield code="a">IGI</mx:subfield><mx:subfield code="b">2885 (Hexastica duodecim sapientum)</mx:subfield></mx:datafield><mx:datafield ind1=" " ind2=" " tag="670"><mx:subfield code="a">IDL</mx:subfield><mx:subfield code="b">1246 (Hexasticha XII sapientum)</mx:subfield></mx:datafield><mx:datafield ind1=" " ind2=" " tag="670"><mx:subfield code="a">Bryn Mawr classical review 2002.12.25 WWW Home page, 13 Oct. 2005</mx:subfield><mx:subfield code="b">("The Symposium XII sapientum is a garland of 143 epigrams (Anthologia Latina 495-638 R2) from late antiquity ...")</mx:subfield></mx:datafield>
    <!-- Twelve authors are Asclepiadius, Asmenius, Basilius, Euphorbius,  Eusthenius, Hilasius, Julianus, Maximinus, Palladius, Pompilianus, Vitalis, Vomanius,  --></mx:record>